(* refs.bib *)

@string{TOPLAS = "ACM Tran.\@ on Programming Languages and Systems (TOPLAS)"}
@string{JFP = "Journal of Functional Programming (JFP)"}
@string{PACMPL = "Proc.\@ of the ACM on Programming Languages (PACMPL)"}

@string{ECOOP = "European Conf.\@ on Object-Oriented Programming (ECOOP)"}
@string{ESOP = "European Symp.\@ on Programming (ESOP)"}
@string{CPP = "ACM SIGPLAN Conf.\@ on Certified Programs and Proofs (CPP)"}
@string{ICFP = "ACM SIGPLAN Conf.\@ on Functional Programming (ICFP)"}
@string{OOPSLA = "ACM SIGPLAN Conf.\@ on Object-Oriented Programming, Systems, Languages, and Applications (OOPSLA)"}
@string{PLDI = "ACM SIGPLAN Conf.\@ on Programming Language Design and Implementation (PLDI)"}
@string{POPL = "ACM SIGPLAN Symp.\@ on Principles of Programming Languages (POPL)"}
@string{SOSP = "ACM Symp.\@ on Operating System Principles (SOSP)"}
@string{ASPLOS = "Int'l Conf.\@ on Architectural Support for Programming Languages and Operating Systems (ASPLOS)"}
@string{LICS = "Symp.\@ on Logic In Computer Science (LICS)"}


@inproceedings{bac2006,
  author    = {Blume, Matthias and Acar, Umut A. and Chae, Wonseok},
  title     = {Extensible Programming with First-Class Cases},
  year      = 2006,
  booktitle = ICFP,
  doi       = {10.1145/1159803.1159836}
}

@inproceedings{bac2008,
  author    = {Blume, Matthias and Acar, Umut A. and Chae, Wonseok},
  title     = {Exception Handlers as Extensible Cases},
  year      = 2008,
  booktitle = {Asian Symposium on Programming Languages and Systems (APLAS)},
  doi       = {10.1007/978-3-540-89330-1_20}
}

@article{zm2017,
  author  = {Zhang, Yizhou and Myers, Andrew C.},
  title   = {Familia: Unifying Interfaces, Type Classes, and Family Polymorphism},
  year    = 2017,
  journal = PACMPL,
  volume  = 1,
  number  = {OOPSLA},
  month   = oct,
  doi     = {10.1145/3133894}
}

@inproceedings{oc2012,
  author    = {Oliveira, Bruno C. d. S. and Cook, William R.},
  title     = {Extensibility for the Masses: Practical Extensibility with Object Algebras},
  booktitle = ECOOP,
  year      = 2012,
  doi       = {10.1007/978-3-642-31057-7_2}
}

@article{mm2019,
  author  = {Morris, J. Garrett and McKinna, James},
  title   = {Abstracting Extensible Data Types: Or, Rows by Any Other Name},
  year    = 2019,
  journal = PACMPL,
  volume  = 3,
  number  = {POPL},
  month   = jan,
  doi     = {10.1145/3290325}
}

@article{zsm2020,
  author  = {Zhang, Yizhou and Salvaneschi, Guido and Myers, Andrew C.},
  title   = {Handling Bidirectional Control Flow},
  year    = 2020,
  journal = PACMPL,
  volume  = 4,
  number  = {OOPSLA},
  month   = nov,
  doi     = {10.1145/3428207}
}

@inproceedings{ncm2004,
  title     = {Scalable Extensibility via Nested Inheritance},
  author    = {Nathaniel Nystrom and Stephen Chong and Andrew C. Myers},
  year      = 2004,
  booktitle = OOPSLA,
  doi       = {10.1145/1028976.1028986}
}

@misc{wadler-ep,
  author = {Philip Wadler and others},
  title  = {The Expression Problem},
  year   = 1998,
  month  = dec,
  url    = {http://homepages.inf.ed.ac.uk/wadler/papers/expression/expression.txt},
  note   = {Discussion on the {J}ava-genericity mailing list}
}

@inproceedings{zo2001,
  author    = {Zenger, Matthias and Odersky, Martin},
  title     = {Extensible Algebraic Datatypes with Defaults},
  year      = 2001,
  booktitle = ICFP,
  doi       = {10.1145/507635.507665},
}


@phdthesis{kaposi2017type,
  title={Type theory in a type theory with quotient inductive types},
  author={Kaposi, Ambrus},
  year={2017},
  school={University of Nottingham}
}


@inproceedings{altkap2016,
  author    = {Altenkirch, Thorsten and Kaposi, Ambrus},
  title     = {Type Theory in Type Theory Using Quotient Inductive Types},
  year      = {2016},
  booktitle = POPL,
  doi       = {10.1145/2837614.2837638}
}


@article{coquand2018canonicity,
  title={Canonicity and normalisation for dependent type theory},
  author={Coquand, Thierry},
  journal={arXiv preprint arXiv:1810.09367},
  year={2018}
}

@article{sterling2019algebraic,
  title={Algebraic type theory and universe hierarchies},
  author={Sterling, Jonathan},
  journal={arXiv preprint arXiv:1902.08848},
  year={2019}
}

@inproceedings{kaposi2019gluing,
  title={Gluing for type theory},
  author={Kaposi, Ambrus and Huber, Simon and Sattler, Christian},
  booktitle={4th International Conference on Formal Structures for Computation and Deduction (FSCD 2019)},
  year={2019},
  organization={Schloss Dagstuhl-Leibniz-Zentrum fuer Informatik}
}

@incollection{martin1982constructive,
  title={Constructive mathematics and computer programming},
  author={Martin-L{\"o}f, Per},
  booktitle={Studies in Logic and the Foundations of Mathematics},
  volume={104},
  pages={153--175},
  year={1982}
}

@misc{pfenning2009lecture,
  title={Lecture notes on harmony},
  author={Pfenning, Frank},
  year={2009}
}


@article{timany2017consistency,
  title={Consistency of the predicative calculus of cumulative inductive constructions (pcuic)},
  author={Timany, Amin and Sozeau, Matthieu},
  journal={arXiv preprint arXiv:1710.03912},
  year={2017}
}

@inproceedings{aczel1998relating,
  title={On relating type theories and set theories},
  author={Aczel, Peter},
  booktitle={International Workshop on Types for Proofs and Programs},
  pages={1--18},
  year={1998},
  organization={Springer}
}

@inproceedings{delaware2013,
  author    = {Delaware, Benjamin and d. S. Oliveira, Bruno C. and Schrijvers, Tom},
  title     = {Meta-Theory \`{a} La Carte},
  year      = {2013},
  booktitle = POPL,
  doi       = {10.1145/2429069.2429094}
}

@inproceedings{delaware2011,
  author  = {Delaware, Benjamin and Cook, William and Batory, Don},
  title   = {Product Lines of Theorems},
  year    = {2011},
  journal = OOPSLA,
  doi     = {10.1145/2076021.2048113}
}

@inproceedings{forsta2020,
  author    = {Forster, Yannick and Stark, Kathrin},
  title     = {Coq \`{a} La Carte: A Practical Approach to Modular Syntax with Binders},
  year      = {2020},
  booktitle = CPP,
  doi       = {10.1145/3372885.3373817}
}

@article{liwei2022,
  author  = {Yao Li and Stephanie Weirich},
  title   = {Program Adverbs and Tl\"{o}n Embeddings},
  year    = 2022,
  journal = PACMPL,
  volume  = 6,
  number  = {ICFP},
  note    = {To appear.}
}

@phdthesis{stone2000,
  title  = {Singleton Kinds and Singleton Types},
  author = {Stone, Christopher Allan},
  year   = 2000,
  school = {Carnegie Mellon University}
}


@article{skorstengaard2019introduction,
  title={An Introduction to Logical Relations},
  author={Skorstengaard, Lau},
  year={2019}
}


@article{pierce2014software,
  title={Software Foundations},
  author={Pierce, Benjamin C and Pierce, Benjamin C and Bertot, Yves and Cast{\'e}ran, Pierre and others},
  year={2014}
}

@phdthesis{abbott2003category,
  title={Category of Containers},
  author={Abbott, Michael},
  year={2003},
  school={PhD thesis, University of Leicester}
}

@inproceedings{boite2004proof,
  title={Proof reuse with extended inductive types},
  author={Boite, Olivier},
  booktitle={International Conference on Theorem Proving in Higher Order Logics},
  pages={50--65},
  year={2004},
  organization={Springer}
}

@inproceedings{schwaab2013modular,
  title={Modular type-safety proofs in Agda},
  author={Schwaab, Christopher and Siek, Jeremy G},
  booktitle={Proceedings of the 7th workshop on Programming languages meets program verification},
  pages={3--12},
  year={2013}
}

@inproceedings{keuchel2013generic,
  title={Generic datatypes {\`a} la carte},
  author={Keuchel, Steven and Schrijvers, Tom},
  booktitle={Proceedings of the 9th ACM SIGPLAN Workshop on Generic Programming},
  pages={13--24},
  year={2013}
}

@inproceedings{mulhern2006proof,
  title={Proof weaving},
  author={Mulhern, Anne},
  booktitle={Proceedings of the First Informal ACM SIGPLAN Workshop on Mechanizing Metatheory},
  year={2006}
}

@article{levin2003tinkertype,
  title={Tinkertype: A language for playing with formal systems},
  author={Levin, Michael Y and Pierce, Benjamin C},
  journal=JFP,
  volume={13},
  number={2},
  pages={295--316},
  year={2003},
  publisher={Cambridge University Press}
}


@inproceedings{dybjer1995internal,
  title={Internal type theory},
  author={Dybjer, Peter},
  booktitle={International Workshop on Types for Proofs and Programs},
  pages={120--134},
  year={1995}
}

@article{chapman2009type,
  title={Type theory should eat itself},
  author={Chapman, James},
  journal={Electronic notes in theoretical computer science},
  volume={228},
  pages={21--36},
  year={2009}
}

@incollection{martin1982constructive,
  title={Constructive mathematics and computer programming},
  author={Martin-L{\"o}f, Per},
  booktitle={Studies in Logic and the Foundations of Mathematics},
  volume={104},
  pages={153--175},
  year={1982}
}

@inproceedings{morris2009indexed,
  title={Indexed containers},
  author={Morris, Peter and Altenkirch, Thorsten},
  booktitle=LICS,
  volume={10},
  year={2009}
}

@misc{jashug2017,
  author = {Jasper Hugunin},
  title = {A Coq development of the theory of Indexed W types with function extensionality},
  year = {2017},
  howpublished = {\url{https://github.com/jashug/IWTypes}}
}


@incollection{hofmann1997syntax,
  title={Syntax and semantics of dependent types},
  author={Hofmann, Martin},
  booktitle={Extensional Constructs in Intensional Type Theory},
  pages={13--54},
  year={1997}
}

@inproceedings{scala-oopsla05,
  title     = {Scalable Component Abstractions},
  author    = {Martin Odersky and Matthias Zenger},
  booktitle = OOPSLA,
  year      = 2005,
  doi       = {10.1145/1094811.1094815}
}